date,spend,sales
9/1/2022,95113,165879
9/2/2022,78221,455400
9/3/2022,78675,302078
9/4/2022,96216,477936
9/5/2022,89380,376129
9/6/2022,108475,354800
9/7/2022,154719,492299
9/8/2022,155849,361954
9/9/2022,67263,436958
9/10/2022,29969,282276
9/11/2022,50687,525064
9/12/2022,95172,413892
9/13/2022,77749,586397
9/14/2022,102458,393530
9/15/2022,77575,315521
9/16/2022,112438,281367
9/17/2022,113658,573520
9/18/2022,137263,671344
9/19/2022,107674,425104
9/20/2022,99121,306991
9/21/2022,131207,321100
9/22/2022,137323,118807
9/23/2022,106494,393194
9/24/2022,103129,179602
9/25/2022,121294,533578
9/26/2022,106178,968791
9/27/2022,202981,662464
9/28/2022,326929,1384951
9/29/2022,340553,767492
9/30/2022,194094,359270
10/1/2022,222446,605104
10/2/2022,327057,543736
10/3/2022,398814,920442
10/4/2022,387825,853504
10/5/2022,162634,511027
10/6/2022,143401,678750
10/7/2022,172913,324375
10/8/2022,242579,386080
10/9/2022,220951,982875
10/10/2022,185526,423125
10/11/2022,167364,351749
10/12/2022,192738,724303
10/13/2022,171532,832958
10/14/2022,162837,653957
10/15/2022,174257,792550
10/16/2022,212290,885897
10/17/2022,169226,643938
10/18/2022,159900,768366
10/19/2022,168519,734965
10/20/2022,178676,1131181
10/21/2022,182395,1183186
10/22/2022,212891,1023334
10/23/2022,214817,994233
10/24/2022,212654,1093699
10/25/2022,192516,1056841
10/26/2022,60063,170592
10/27/2022,63602,416638
10/28/2022,79314,152323
10/29/2022,96361,252538
10/30/2022,137016,547713
10/31/2022,123387,198747
11/1/2022,121255,278024
11/2/2022,119321,329391
11/3/2022,114139,639987
11/4/2022,110108,214744
11/5/2022,117733,392939
11/6/2022,114112,329253
11/7/2022,113340,318372
11/8/2022,114310,407296
11/9/2022,110737,469367
11/10/2022,113644,344443
11/11/2022,110636,423150
11/12/2022,120649,296546
11/13/2022,114415,289654
11/14/2022,117966,654107
11/15/2022,116622,897065
11/16/2022,426659,1859241
11/17/2022,903661,2552792
11/18/2022,816225,4835339
11/19/2022,809896,3431253
11/20/2022,1282137,3509212
11/21/2022,1233528,8113771
11/22/2022,156128,887179
11/23/2022,39109,247029
11/24/2022,60059,302983
11/25/2022,27379,296853
11/26/2022,52345,300200
11/27/2022,68994,378428
11/28/2022,110195,991697
11/29/2022,103059,573742
11/30/2022,126227,710064
12/1/2022,118237,612893
12/2/2022,47556,244631
12/3/2022,46401,281239
12/4/2022,47186,321959
12/5/2022,37987,422733
12/6/2022,32320,506902
12/7/2022,39791,510939
12/8/2022,25311,377452
12/9/2022,47414,538547
12/10/2022,41623,258649
12/11/2022,39060,572420
12/12/2022,37562,434075
12/13/2022,35534,397607
12/14/2022,35532,473995
12/15/2022,54958,366352
12/16/2022,94576,999108
12/17/2022,95175,751086
12/18/2022,107679,830564
12/19/2022,98857,896312
12/20/2022,87625,580526
12/21/2022,102943,917777
12/22/2022,90424,848380
12/23/2022,114274,639757
12/24/2022,77509,336679
12/25/2022,122481,396319
12/26/2022,80303,366988
12/27/2022,72744,580779
12/28/2022,62729,462660
12/29/2022,66177,581118
12/30/2022,66879,468312
12/31/2022,51305,397436
1/1/2023,66875,408208
1/2/2023,56561,344851
1/3/2023,52628,556054
1/4/2023,59429,418124
1/5/2023,55066,614830
1/6/2023,54995,464620
1/7/2023,61602,482054
1/8/2023,62147,445129
1/9/2023,55867,821282
1/10/2023,55545,1035300
1/11/2023,57021,708345
1/12/2023,76228,709557
1/13/2023,95827,547964
1/14/2023,96883,606673
1/15/2023,88429,606320
1/16/2023,97092,831638
1/17/2023,97960,1284956
1/18/2023,96810,475725
1/19/2023,104184,583323
1/20/2023,125529,605163
1/21/2023,109622,445504
1/22/2023,118100,707621
1/23/2023,129373,501209
1/24/2023,125151,659804
1/25/2023,113429,680836
1/26/2023,97573,554097
1/27/2023,97988,504265
1/28/2023,85028,451276
1/29/2023,102589,734985
1/30/2023,115080,640447
1/31/2023,102007,1017280
2/1/2023,57504,341809
2/2/2023,67866,388598
2/3/2023,62680,369647
2/4/2023,51942,155468
2/5/2023,70086,480557
2/6/2023,68643,325292
2/7/2023,60870,392284
2/8/2023,58865,369853
2/9/2023,60560,309989
2/10/2023,67876,705356
2/11/2023,87804,370084
2/12/2023,87772,447290
2/13/2023,85477,575995
2/14/2023,86939,455875
2/15/2023,83053,871932
2/16/2023,79153,703762
2/17/2023,73667,536771
2/18/2023,70512,569431
2/19/2023,76695,757986
2/20/2023,75974,341168
2/21/2023,74294,488806
2/22/2023,68028,677251
2/23/2023,88396,444255
2/24/2023,110136,597744
2/25/2023,142833,298565
2/26/2023,146044,563111
2/27/2023,161328,784754
2/28/2023,158064,1028566
3/1/2023,107792,370873
3/2/2023,106801,321581
3/3/2023,104599,739858
3/4/2023,88900,406038
3/5/2023,121226,558211
3/6/2023,109707,428683
3/7/2023,102558,381113
3/8/2023,101089,534201
3/9/2023,118688,660572
3/10/2023,113949,695820
3/11/2023,109112,352261
3/12/2023,112239,567176
3/13/2023,113738,533494
3/14/2023,69285,271199
3/15/2023,95731,91706
3/16/2023,119886,40983
3/17/2023,133281,163111
3/18/2023,121920,182649
3/19/2023,135757,249946
3/20/2023,110613,243752
3/21/2023,139741,299248
3/22/2023,117348,541718
3/23/2023,113606,583982
3/24/2023,112206,268130
3/25/2023,113819,413152
3/26/2023,118300,294944
3/27/2023,86706,391636
3/28/2023,110340,708339
3/29/2023,121543,448045
3/30/2023,128599,297635
3/31/2023,125302,291741
4/1/2023,118575,253480
4/2/2023,118841,395481
4/3/2023,104878,460838
4/4/2023,135048,290691
4/5/2023,106590,242514
4/6/2023,92724,179874
4/7/2023,90787,165103
4/8/2023,90349,310153
4/9/2023,91105,326457
4/10/2023,97158,378840
4/11/2023,78865,220698
4/12/2023,86743,410342
4/13/2023,78021,269786
4/14/2023,78761,116346
4/15/2023,76917,163016
4/16/2023,88450,338370
4/17/2023,181601,1668317
4/18/2023,299843,2006482
4/19/2023,118452,667275
4/20/2023,99637,452547
4/21/2023,62148,759918
4/22/2023,64089,490365
4/23/2023,124744,419948
4/24/2023,128365,406447
4/25/2023,110446,476426
4/26/2023,48974,260260
4/27/2023,128680,933372
4/28/2023,181646,764470
4/29/2023,186562,550043
4/30/2023,132104,348579
5/1/2023,148805,634926
5/2/2023,146843,739882
5/3/2023,131367,691849
5/4/2023,153075,1014935
5/5/2023,139970,960508
5/6/2023,141504,630297
5/7/2023,165883,656231
5/8/2023,152937,858719
5/9/2023,134376,382194
5/10/2023,159141,528596
5/11/2023,146406,379799
5/12/2023,152921,803335
5/13/2023,156127,739039
5/14/2023,70432,749154
5/15/2023,72550,774660
5/16/2023,78768,172545
5/17/2023,106238,272189
5/18/2023,82966,129448
5/19/2023,68241,332447
5/20/2023,106273,253277
5/21/2023,106705,346863
5/22/2023,106058,477736
5/23/2023,90106,411456
5/24/2023,207839,594997
5/25/2023,363520,498308
5/26/2023,276821,402357
5/27/2023,270069,585651
5/28/2023,271559,486757
5/29/2023,660123,1499283
5/30/2023,467327,905014
5/31/2023,373036,828284
6/1/2023,367612,1582028
6/2/2023,375176,1298019
6/3/2023,422991,1174718
6/4/2023,450518,1602034
6/5/2023,581940,2031869
6/6/2023,630084,2028966
6/7/2023,151756,223383
6/8/2023,116842,872740
6/9/2023,182491,204723
6/10/2023,223545,268165
6/11/2023,265517,439821
6/12/2023,208142,207113
6/13/2023,151462,279251
6/14/2023,71480,117908
6/15/2023,64190,156142
6/16/2023,63106,262414
6/17/2023,68553,269146
6/18/2023,78651,258266
6/19/2023,81227,421769
6/20/2023,81411,392827
6/21/2023,72538,470007
6/22/2023,78947,654306
6/23/2023,65047,354829
6/24/2023,91907,477859
6/25/2023,84338,412173
6/26/2023,83148,221052
6/27/2023,77373,417096
6/28/2023,79449,447107
6/29/2023,60541,442694
6/30/2023,47827,168790
7/1/2023,95060,357952
7/2/2023,144801,353822
7/3/2023,116979,750028
7/4/2023,120291,468494
7/5/2023,108183,423914
7/6/2023,133668,381097
7/7/2023,109913,523898
7/8/2023,109034,371055
7/9/2023,114196,470536
7/10/2023,116463,682725
7/11/2023,103497,145049
7/12/2023,122734,459413
7/13/2023,90299,195814
7/14/2023,105575,170188
7/15/2023,134663,127590
7/16/2023,120137,190169
7/17/2023,124564,389333
7/18/2023,119586,682056
7/19/2023,115693,179793
7/20/2023,106187,293501
7/21/2023,103344,278612
7/22/2023,139641,155342
7/23/2023,125511,376267
7/24/2023,129723,348035
7/25/2023,125330,393346
7/26/2023,130207,460512
7/27/2023,127944,403182
7/28/2023,106636,257526
7/29/2023,128261,221846
7/30/2023,123268,272929
7/31/2023,114664,521886
8/1/2023,114057,261410
8/2/2023,137572,279456
8/3/2023,125326,507831
8/4/2023,122161,129475
8/5/2023,109661,375791
8/6/2023,122295,148544
8/7/2023,140005,548639
8/8/2023,128752,476430
8/9/2023,113546,367509
8/10/2023,107804,462241
8/11/2023,67206,169781
8/12/2023,66195,43973
8/13/2023,71927,63941
8/14/2023,72074,96007
8/15/2023,57044,43445
8/16/2023,50223,86910
8/17/2023,47315,74491
8/18/2023,41010,40297
8/19/2023,44373,30338
8/20/2023,50706,47727
8/21/2023,50016,174264
8/22/2023,43678,394381
8/23/2023,67288,352726
8/24/2023,93776,172817
8/25/2023,237486,247778
8/26/2023,233700,139076
8/27/2023,188542,333882
8/28/2023,141591,140330
8/29/2023,127983,158190
8/30/2023,115558,171871
8/31/2023,82049,256317